edelsonc@MacBook-Pro-2.local.1315