@misc{Unisys,
    author = {Unisys},
    howpublished = {http://weather. unisys.com/hurricane/},
    title = {Hurricane/Tropical Data},
    note = {Accessed: 04-20-2017}
}

@article{scikit-learn,
 title={Scikit-learn: Machine Learning in {P}ython},
 author={Pedregosa, F. and Varoquaux, G. and Gramfort, A. and Michel, V.
         and Thirion, B. and Grisel, O. and Blondel, M. and Prettenhofer, P.
         and Weiss, R. and Dubourg, V. and Vanderplas, J. and Passos, A. and
         Cournapeau, D. and Brucher, M. and Perrot, M. and Duchesnay, E.},
 journal={Journal of Machine Learning Research},
 volume={12},
 pages={2825--2830},
 year={2011}
}

@Misc{scipy,
  author =    {Eric Jones and Travis Oliphant and Pearu Peterson and others},
  title =     {{SciPy}: Open source scientific tools for {Python}},
  year =      {2001--},
  url = "http://www.scipy.org/",
  note = {[Online; accessed 04-26-2017]}
}

@article{walt2011numpy,
  title={The NumPy array: a structure for efficient numerical computation},
  author={Walt, St{\'e}fan van der and Colbert, S Chris and Varoquaux, Gael},
  journal={Computing in Science \& Engineering},
  volume={13},
  number={2},
  pages={22--30},
  year={2011},
  publisher={IEEE}
}

@inproceedings{mckinney2010data,
  title={Data structures for statistical computing in python},
  author={McKinney, Wes and others},
  booktitle={Proceedings of the 9th Python in Science Conference},
  volume={445},
  pages={51--56},
  year={2010},
  organization={van der Voort S, Millman J}
}

@article{hunter2007matplotlib,
  title={Matplotlib: A 2D graphics environment},
  author={Hunter, John D},
  journal={Computing In Science \& Engineering},
  volume={9},
  number={3},
  pages={90--95},
  year={2007},
  publisher={IEEE}
}

@inproceedings{statsmodels2010,
  title={Statsmodels: Econometric and Statistical Modeling with Python},
  author={Seabold, J.S. and Perktold, J.},
  booktitle={Proceedings of the 9th Python in Science Conference},
  year={2010}
}

@misc{michael_waskom_2014_12710,
  author       = {Michael Waskom and
                  Olga Botvinnik and
                  Paul Hobson and
                  John B. Cole and
                  Yaroslav Halchenko and
                  Stephan Hoyer and
                  Alistair Miles and
                  Tom Augspurger and
                  Tal Yarkoni and
                  Tobias Megies and
                  Luis Pedro Coelho and
                  Daniel Wehner and
                  cynddl and
                  Erik Ziegler and
                  diego0020 and
                  Yury V. Zaytsev and
                  Travis Hoppe and
                  Skipper Seabold and
                  Phillip Cloud and
                  Miikka Koskinen and
                  Kyle Meyer and
                  Adel Qalieh and
                  Dan Allan},
  title        = {seaborn: v0.5.0 (November 2014)},
  month        = nov,
  year         = 2014,
  doi          = {10.5281/zenodo.12710},
  url          = {https://doi.org/10.5281/zenodo.12710}
}